<?xml version="1.0" encoding="UTF-8"?><collection xmlns="http://www.loc.gov/MARC21/slim"><record><leader>00411nam--2200169-i-4500</leader><controlfield tag="001">000017013</controlfield><controlfield tag="002">20161230</controlfield><controlfield tag="005">20170114002516</controlfield><controlfield tag="008">060222s1000------------r-----000-0-eng-d</controlfield><datafield ind1=" " ind2=" " tag="080"><subfield code="a">66</subfield></datafield><datafield ind1=" " ind2=" " tag="100"><subfield code="a">Chang, Raymond</subfield></datafield><datafield ind1=" " ind2=" " tag="245"><subfield code="a">The top fifty industrial chemicals</subfield></datafield><datafield ind1=" " ind2=" " tag="260"><subfield code="a">New York</subfield><subfield code="b">Random House</subfield><subfield code="c">1988</subfield></datafield><datafield ind1=" " ind2=" " tag="300"><subfield code="a">VI+191 p</subfield></datafield><datafield ind1=" " ind2=" " tag="700"><subfield code="a">Tikkanen,Wayne</subfield></datafield><datafield ind1=" " ind2=" " tag="852"><subfield code="a">79398</subfield></datafield><datafield ind1=" " ind2=" " tag="CAT"><subfield code="a">SYS</subfield><subfield code="c">20170114</subfield><subfield code="h">002516</subfield></datafield></record></collection>